@inproceedings{SAE1,
  title={Efficient learning of sparse representations with an energy-based model},
  author={Poultney, Christopher and Chopra, Sumit and Cun, Yann L and others},
  booktitle={Advances in neural information processing systems},
  pages={1137--1144},
  year={2006}
}

@inproceedings{SAE2,
  title={Unsupervised learning of invariant feature hierarchies with applications to object recognition},
  author={Ranzato, Marc Aurelio and Huang, Fu Jie and Boureau, Y-Lan and LeCun, Yann},
  booktitle={Computer Vision and Pattern Recognition, 2007. CVPR'07. IEEE Conference on},
  pages={1--8},
  year={2007},
  organization={IEEE}
}

@inproceedings{CAE,
  title={Contractive auto-encoders: Explicit invariance during feature extraction},
  author={Rifai, Salah and Vincent, Pascal and Muller, Xavier and Glorot, Xavier and Bengio, Yoshua},
  booktitle={Proceedings of the 28th International Conference on Machine Learning (ICML-11)},
  pages={833--840},
  year={2011}
}

@inproceedings{DAE,
  title={Extracting and composing robust features with denoising autoencoders},
  author={Vincent, Pascal and Larochelle, Hugo and Bengio, Yoshua and Manzagol, Pierre-Antoine},
  booktitle={Proceedings of the 25th international conference on Machine learning},
  pages={1096--1103},
  year={2008},
  organization={ACM}
}

@book{DHS,
  title={Pattern classification},
  author={Duda, Richard O and Hart, Peter E and Stork, David G},
  year={2012},
  publisher={John Wiley \& Sons}
}

@article{SC,
  title={Sparse coding with an overcomplete basis set: A strategy employed by V1?},
  author={Olshausen, Bruno A and Field, David J},
  journal={Vision research},
  volume={37},
  number={23},
  pages={3311--3325},
  year={1997},
  publisher={Elsevier}
}

@inproceedings{LISTA,
  title={Learning fast approximations of sparse coding},
  author={Gregor, Karol and LeCun, Yann},
  booktitle={Proceedings of the 27th International Conference on Machine Learning (ICML-10)},
  pages={399--406},
  year={2010}
}

@article{bengio_new,
  title={What regularized auto-encoders learn from the data-generating distribution},
  author={Alain, Guillaume and Bengio, Yoshua},
  journal={The Journal of Machine Learning Research},
  volume={15},
  number={1},
  pages={3563--3593},
  year={2014},
  publisher={JMLR. org}
}
