@MISC{3Gear,
	author = {3Gear},
	title = {3Gear Sytems Hand-Tracking Development Platform},
	year = {2014},
	organisation = {3Gear Systems}
}
@INPROCEEDINGS{Agarwal:2006:R3D,
	author = {Agarwal, A. and Triggs, B.},
	title = {Recovering {3D} human pose from monocular images},
	booktitle = {PAMI},
	year = {2002}
}
@INPROCEEDINGS{Ainsworth:1993:CPA,
	author = {Ainsworth, BE and Haskell, WL and Leon, AS and Jacobs, DR Jr and Montoye, HJ and Sallis, JF and Paffenbarger, RS Jr.},
	title = {Compendium of physical activities: Classification of energy costs of human physical activities},
	booktitle = {Medicine and Science in Sports and Exercise},
	year = {1993}
}
@INPROCEEDINGS{Ainsworth:2011:CPA,
	author = {Ainsworth, BE and Haskell, WL and Herrmann, SD and Meckes, N and Bassett, DR and Tudor-Locke, C and Greer, JL and Vezina, J and Whitt-Glover, MC and Leon, AS},
	title = {2011 Compendium of Physical Activities: a second update of codes and {MET} values},
	booktitle = {Medicine and Science in Sports and Exercise},
	year = {2011}
}
@INPROCEEDINGS{Allen2003,
	author = {Allen, Brett and Curless, Brian and Popovi\'{c}, Zoran},
	title = {The space of human body shapes: reconstruction and parameterization from range scans},
	booktitle = {ACM TOG},
	year = {2003}
}
@INPROCEEDINGS{Andoni2006,
	author = {Andoni, A. and Indyk, P.},
	title = {Near-Optimal Hashing Algorithms for Approximate Nearest Neighbor in High Dimensions},
	booktitle = {FOCS},
	year = {2006}
}
@INPROCEEDINGS{Andriluka10,
	author = {Andriluka, M. and Roth, S. and Schiele, B.},
	title = {Monocular 3D Pose Estimation and Tracking by Detection},
	booktitle = {CVPR},
	year = {2010}
}
@INPROCEEDINGS{Avidan:2007:ET,
	author = {Avidan, Shai},
	title = {Ensemble Tracking},
	booktitle = {PAMI},
	year = {2007}
}
@INPROCEEDINGS{Ballan2012,
	author = {Ballan, Luca and Taneja, Aparna and Gall, J\"{u}rgen and Van Gool, Luc and Pollefeys, Marc},
	title = {Motion capture of hands in action using discriminative salient points},
	booktitle = {ECCV},
	year = {2012}
}
@INPROCEEDINGS{Barnes:2009:PAR,
	author = {Barnes, Connelly and Shechtman, Eli and Finkelstein, Adam and Goldman, Dan B},
	title = {{PatchMatch}: A Randomized Correspondence Algorithm for Structural Image Editing},
	booktitle = {SIGGRAPH},
	year = {2009}
}
@INPROCEEDINGS{Becker1992,
	author = {Becker, S. and Hinton, G.},
	title = {Self-organizing neural network that discovers surfaces in random-dot stereograms},
	booktitle = {Nature},
	year = {1992}
}
@INPROCEEDINGS{Belkin2003,
	author = {Belkin, Mikhail and Niyogi, Partha},
	title = {Laplacian Eigenmaps for Dimensionality Reduction and Data Representation},
	booktitle = {Neural Computation},
	year = {2003}
}
@INPROCEEDINGS{Belongie2002PAMI,
	author = {Belongie, S. and Malik, J. and Puzicha, J.},
	title = {Shape Matching and Object Recognition Using Shape Contexts},
	booktitle = {PAMI},
	year = {2012}
}
@INPROCEEDINGS{Belongie:2000:SC,
	author = {Belongie, S. and Malik, J. and Puzicha, J.},
	title = {Shape Context: {A} New Descriptor for Shape Matching and Object Recognition},
	booktitle = {NIPS},
	year = {2000}
}
@TECHREPORT{Bengio2012,
	author = {Bengio, Yoshua and Courville, Aaron C. and Vincent, Pascal},
	title = {Representation Learning: A Review and New Perspectives},
	year = {2012},
	institution = {University of Montreal}
}
@INPROCEEDINGS{Bogo:CVPR:2014,
	author = {Bogo, Federica and Romero, Javier and Loper, Matthew and Black, Michael J.},
	title = {{FAUST}: Dataset and evaluation for {3D} mesh registration},
	booktitle = {CVPR},
	year = {2014}
}
@INPROCEEDINGS{Bosch2007,
	author = {Bosch, Anna and Zisserman, Andrew and Munoz, Xavier},
	title = {Representing shape with a spatial pyramid kernel},
	booktitle = {CIVR},
	year = {2007},
	location = {Amsterdam, The Netherlands}
}
@INPROCEEDINGS{Bourdev:2009:PBP,
	author = {Bourdev, Lubomir and Malik, Jitendra},
	title = {Poselets: Body Part Detectors Trained Using {3D} Human Pose Annotations},
	booktitle = {ICCV},
	year = {2009}
}
@INPROCEEDINGS{Bourdev:2010:DPU,
	author = {Bourdev, Lubomir and Maji, Subhransu and Brox, Thomas and Malik, Jitendra},
	title = {Detecting People Using Mutually Consistent Poselet Activations},
	booktitle = {ECCV},
	year = {2010}
}
@INPROCEEDINGS{Boykov,
	author = {Boykov, Yuri and Veksler, Olga and Zabih, Ramin},
	title = {Fast Approximate Energy Minimization via Graph Cuts},
	booktitle = {PAMI},
	year = {2001}
}
@INPROCEEDINGS{Buehler11,
	author = {Buehler, P. and Everingham, M. and Huttenlocher, D.~P. and Zisserman, A.},
	title = {Upper Body Detection and Tracking in Extended Signing Sequences},
	booktitle = {IJCV},
	year = {2011}
}
@MISC{Coreg:Patent:2012,
	author = {Black, M.J. and Hirshberg, D. and Loper, M. and Rachlin, E. and Weiss, A.},
	title = {Co-Registration -- Simultaneous Alignment and Modeling of Articulated {3D} Shapes},
	year = {2012}
}
@INPROCEEDINGS{Dalal2005,
	author = {Dalal, N. and Triggs, B.},
	title = {Histograms of Oriented Gradients for Human Detection},
	booktitle = {CVPR},
	year = {2005}
}
@BOOK{Dantzig2006,
	author = {Dantzig, Geoge B. and Thapa, Mukund N.},
	editor = {Verlag},
	title = {Linear Programming 2: Theory and Extensions},
	year = {2006},
	publisher = {Springer},
	citeulike-article-id = {990048},
	priority = {2}
}
@INPROCEEDINGS{DeepFaceCVPR2014,
	author = {Taigman, Y and Yang, M and Ranzato, M and Wolf, L},
	title = {DeepFace: Closing the Gap to Human-Level Performance in Face Verification},
	booktitle = {CVPR},
	year = {2008}
}
@INPROCEEDINGS{Desai:2012:DAP,
	author = {Desai, Chaitanya and Ramanan, Deva},
	title = {Detecting Actions, Poses, and Objects with Relational Phraselets},
	booktitle = {ECCV},
	year = {2012}
}
@INPROCEEDINGS{Doll'ar2009CVPR,
	author = {Doll\'ar, P. and Wojek, C. and Schiele, B. and Perona, P.},
	title = {Pedestrian {Detection}: {A} {Benchmark}},
	booktitle = {CVPR},
	year = {2009}
}
@INPROCEEDINGS{Dollar:2009:PDB,
	author = {Doll{\'a}r, P. and Wojek, C. and Schiele, B. and Perona, P.},
	title = {Pedestrian Detection: A Benchmark},
	booktitle = {CVPR},
	year = {2009}
}
@INPROCEEDINGS{Eichner:2009:BAM,
	author = {Eichner, M. and Ferrari, V.},
	title = {Better Appearance Models For Pictorial Structures},
	booktitle = {BMVC},
	year = {2009}
}
@INPROCEEDINGS{Eichner:2013:HPC,
	author = {Eichner, M. and Ferrari, V.},
	title = {Human Pose Co-Estimation and Applications},
	booktitle = {PAMI},
	year = {to appear}
}
@INPROCEEDINGS{Enzweiler2009PAMI,
	author = {Enzweiler, M. and Gavrila, D. M.},
	title = {Monocular Pedestrian Detection: Survey and Experiments},
	booktitle = {PAMI},
	year = {2009}
}
@INPROCEEDINGS{Everingham2010IJCV,
	author = {Everingham, M. and Van~Gool, L. and Williams, C. K. I. and Winn, J. and Zisserman, A.},
	title = {The {PASCAL} Visual Object Classes ({VOC}) Challenge},
	booktitle = {IJCV},
	year = {2010}
}
@INPROCEEDINGS{Farabet,
	author = {Farabet, C. and Couprie, C. and Najman, L. and LeCun, Y.},
	title = {Learning Hierarchical Features for Scene Labeling},
	booktitle = {PAMI},
	year = {2013}
}
@INPROCEEDINGS{FarabetCouprieNajmanLeCun2012,
	author = {Farabet, C. and Couprie, C. and Najman, L. and LeCun, Y.},
	title = {Scene Parsing with Multiscale Feature Learning, Purity Trees, and Optimal Covers},
	booktitle = {ICML},
	year = {2012}
}
@INPROCEEDINGS{Felzenszwalb2010PAMI,
	author = {Felzenszwalb, P. F. and Girshick, R. B. and McAllester, D. and Ramanan, D.},
	title = {Object Detection with Discriminatively Trained Part-Based Models},
	booktitle = {PAMI},
	year = {2010}
}
@INPROCEEDINGS{Felzenszwalb:2005:PSO,
	author = {Felzenszwalb, Pedro F. and Huttenlocher, Daniel P.},
	title = {Pictorial Structures for Object Recognition},
	booktitle = {IJCV},
	year = {2005}
}
@INPROCEEDINGS{Ferrari08,
	author = {Ferrari, V. and Marin-Jimenez, M. and Zisserman, A.},
	title = {Progressive Search Space Reduction for Human Pose Estimation},
	booktitle = {CVPR},
	year = {2008}
}
@INPROCEEDINGS{Ferrari2009,
	author = {Ferrari, V. and Marin-Jimenez, M. and Zisserman, A.},
	title = {Pose Search: {R}etrieving People using Their Pose},
	booktitle = {CVPR},
	year = {2009}
}
@INPROCEEDINGS{Ferrari:2008:PSS,
	author = {Ferrari, Vittorio and Marin, Manuel and Zisserman, Andrew},
	title = {Progressive Search Space Reduction for Human Pose Estimation},
	booktitle = {CVPR},
	year = {2008}
}
@INPROCEEDINGS{Fischler73,
	author = {Fischler, Martin A. and Elschlager, R.A.},
	title = {The Representation and Matching of Pictorial Structures},
	booktitle = {IEEE TOC},
	year = {1973}
}
@INPROCEEDINGS{Fossati:2007:BGB,
	author = {Fossati, Andrea and Dimitrijevic, Miodrag and Lepetit, Vincent and Fua, Pascal},
	title = {Bridging the Gap between Detection and Tracking for {3D} Monocular Video-Based Motion Capture},
	booktitle = {CVPR},
	year = {2007}
}
@INPROCEEDINGS{Freund:1997:DTG,
	author = {Freund, Y. and Schapire, R.},
	title = {A decision-theoretic generalization of on-line learning and an application to boosting},
	booktitle = {JCSS},
	year = {1997}
}
@INPROCEEDINGS{Gall:2008:OFH,
	author = {Gall, J. and Rosenhahn, B. and Brox, T. and Seidel, H.-P.},
	title = {Optimization and Filtering for Human Motion Capture: A Multi-layer Framework},
	booktitle = {IJCV},
	year = {2010}
}
@INPROCEEDINGS{Gkioxari:2013:APE,
	author = {Gkioxari, G. and Arbelaez, P. and Bourdev, L. and Malik, J.},
	title = {Articulated Pose Estimation using Discriminative Armlet Classifiers},
	booktitle = {CVPR},
	year = {2013}
}
@INPROCEEDINGS{Goldberger2004,
	author = {Goldberger, J. and Roweis, S. and Hinton, G. and Salakhutdinov, R.},
	title = {Neighbourhood Components Analysis},
	booktitle = {NIPS},
	year = {2004}
}
@INPROCEEDINGS{Grauman2003,
	author = {Grauman, K. and Shakhnarovich, G. and Darrell, T.},
	title = {Inferring 3D Structure with a Statistical Image-Based Shape Model},
	booktitle = {ICCV},
	year = {2003}
}
@INPROCEEDINGS{Guan2010ECCV,
	author = {Guan, P. and Freifeld, O. and Black, M. J.},
	title = {A {2D} {H}uman {B}ody {M}odel {D}ressed in {E}igen {C}lothing},
	booktitle = {ECCV},
	year = {2010}
}
@INPROCEEDINGS{Hadsell2006,
	author = {Hadsell, R. and Chopra, S. and LeCun, Y.},
	title = {Dimensionality Reduction by Learning an Invariant Mapping},
	booktitle = {CVPR},
	year = {2006}
}
@INPROCEEDINGS{Hariharan:2011:SCF,
	author = {Hariharan, Bharath and Arbelaez, Pablo and Bourdev, Lubomir and Maji, Subhransu and Malik, Jitendra},
	title = {Semantic Contours from Inverse Detectors},
	booktitle = {ICCV},
	year = {2011}
}
@INPROCEEDINGS{HasStoSunRosSei09,
	author = {Hasler, N. and Stoll, C. and Sunkel, M. and Rosenhahn, B. and Seidel, H.-P.},
	title = {A Statistical Model of Human Pose and Body Shape},
	booktitle = {Eurographics},
	year = {2009}
}
@INPROCEEDINGS{HaslerBM2009,
	author = {Hasler, N. and Stoll, C. and Sunkel, M. and Rosenhahn, B. and Seidel, H.-P.},
	title = {A Statistical Model of Human Pose and Body Shape},
	booktitle = {Eurographics},
	year = {2008}
}
@INPROCEEDINGS{Heitz_cascadedclassification,
	author = {Heitz, G. and Gould, S. and Saxena, A. and Koller, D.},
	title = {Cascaded Classification Models: Combining Models for Holistic Scene Understanding},
	booktitle = {NIPS},
	year = {2008}
}
@INPROCEEDINGS{Hinton2002,
	author = {Hinton, G. and Roweis, S.},
	title = {Stochastic Neighbor Embedding},
	booktitle = {NIPS},
	year = {2002}
}
@INPROCEEDINGS{Hinton2006,
	author = {Hinton, G. and Osindero, S. and Teh, Y.},
	title = {A Fast Learning Algorithm for Deep Belief Nets},
	booktitle = {Neural Comput},
	year = {2006}
}
@INPROCEEDINGS{Hinton2006a,
	author = {Hinton, G. and Salakhutdinov, R.},
	title = {Reducing the Dimensionality of Data with Neural Networks},
	booktitle = {Science},
	year = {2006}
}
@INPROCEEDINGS{Horn87closed-formsolution,
	author = {Horn, Berthold K. P.},
	title = {Closed-form solution of absolute orientation using unit quaternions},
	booktitle = {JOSA},
	year = {1987}
}
@INCOLLECTION{ImageNet_NIPS2012_0534,
	author = {Krizhevsky, Alex and Sutskever, Ilya and Hinton, Geoff},
	title = {ImageNet Classification with Deep Convolutional Neural Networks},
	booktitle = {NIPS},
	year = {2012}
}
@INPROCEEDINGS{Ionescu:2009:SSV,
	author = {Ionescu, Catalin and Bo, Liefeng and Sminchisescu, Cristian},
	title = {Structural {SVM} for Visual Localization and Continuous State Estimation},
	booktitle = {ICCV},
	year = {2009}
}
@INPROCEEDINGS{Ionescu:2011:LSM,
	author = {Ionescu, C. and Li, F. and Sminchisescu, C.},
	title = {Latent Structured Models for Human Pose Estimation},
	booktitle = {ICCV},
	year = {2011}
}
@TECHREPORT{Ionescu:2012:H36,
	author = {Ionescu, Catalin and Papava, Dragos and Olaru, Vlad and Sminchisescu, Cristian},
	title = {Human3.6M: Large Scale Datasets and Predictive Methods for 3D Human Sensing in Natural Environments},
	year = {2012},
	institution = {Institute of Mathematics of the Romanian Academy and University of Bonn}
}
@INPROCEEDINGS{Jacobson:2011:BBW,
	author = {Jacobson, Alec and Baran, Ilya and Popovi\'{c}, Jovan and Sorkine, Olga},
	title = {Bounded Biharmonic Weights for Real-Time Deformation},
	booktitle = {SIGGRAPH},
	year = {2011}
}
@INPROCEEDINGS{Jain:2010:MovieReshape,
	author = {Jain, A. and Thorm\"{a}hlen, T. and Seidel, H.-P. and Theobalt, C.},
	title = {MovieReshape: Tracking and Reshaping of Humans in Videos},
	booktitle = {SIGGRAPH Asia},
	year = {2010}
}
@INPROCEEDINGS{JarrettLeCun,
	author = {Jarrett, K. and Kavukcuoglu, K. and Ranzato, M. and LeCun, Y.},
	title = {What is the best multi-stage architecture for object recognition?},
	booktitle = {ICCV},
	year = {2009}
}
@INPROCEEDINGS{Johnson10,
	author = {Johnson, S. and Everingham, M.},
	title = {Clustered Pose and Nonlinear Appearance Models for Human Pose Estimation},
	booktitle = {BMVC},
	year = {2010}
}
@INPROCEEDINGS{KarpathyCVPR14,
	author = {Karpathy, Andrej and Toderici, George and Shetty, Sanketh and Leung, Thomas and Sukthankar, Rahul and Fei-Fei, Li},
	title = {Large-scale Video Classification with Convolutional Neural Networks},
	booktitle = {CVPR},
	year = {2014}
}
@TECHREPORT{Kavukcuoglu2008,
	author = {Kavukcuoglu, K. and Ranzato, {M-A} and LeCun, Y.},
	title = {Fast Inference in Sparse Coding Algorithms with Applications to Object Recognition},
	year = {2008},
	institution = {NYU},
	note = { }
}
@INPROCEEDINGS{Kazemi:2012:URM,
	author = {Kazemi, V. and Sullivan, J.},
	title = {Using Richer Models for Articulated Pose Estimation of Footballers},
	booktitle = {BMVC},
	year = {2012}
}
@INPROCEEDINGS{Keller2006,
	author = {Keller, P. and Mannor, S. and Precup, D.},
	title = {Automatic basis function construction for approximate dynamic programming and reinforcement learning},
	booktitle = {ICML},
	year = {2006}
}
@INPROCEEDINGS{Keskin:2012,
	author = {Keskin, Cem and Kirac, Furkan and Kara, Yunus Emre and Akarun, Lale},
	title = {Hand Pose Estimation and Hand Shape Classification Using Multi-layered Randomized Decision Forests},
	booktitle = {ECCV},
	year = {2012}
}
@INPROCEEDINGS{Kumar:2010:EDL,
	author = {Kumar, M. and Zisserman, A. and Torr, P.},
	title = {Efficient discriminative learning of parts-based models},
	booktitle = {CVPR},
	year = {2010}
}
@INPROCEEDINGS{Larochelle2007,
	author = {Larochelle, H. and Erhan, D. and Courville, A. and Bergstra, J. and Bengio, Y.},
	title = {An empirical evaluation of deep architectures on problems with many factors of variation},
	booktitle = {ICML},
	year = {2007},
	bdsk-url-1 = {http://doi.acm.org/10.1145/1273496.1273556}
}
@INPROCEEDINGS{Lazebnik2006,
	author = {Lazebnik, S. and Schmid, C. and Ponce, J.},
	title = {Beyond Bags of Features: Spatial Pyramid Matching for Recognizing Natural Scene Categories},
	booktitle = {CVPR},
	year = {2006}
}
@INPROCEEDINGS{LeCunMNIST,
	author = {LeCun, Y. and Bottou, L. and Bengio, Y. and Haffner, P.},
	title = {Gradient-based learning applied to document recognition},
	booktitle = {Proceedings of the IEEE},
	year = {1998}
}
@INPROCEEDINGS{Lee2009,
	author = {Lee, H. and Grosse, R. and Ranganath, R. and Ng, A.~Y.},
	title = {Convolutional deep belief networks for scalable unsupervised learning of hierarchical representations},
	booktitle = {ICML},
	year = {2009}
}
@INPROCEEDINGS{Li:2010:OBH,
	author = {Li, Li-Jia and Su, Hao and Xing, Eric P. and Fei-Fei, Li},
	title = {Object Bank: A High-Level Image Representation for Scene Classification and Semantic Feature Sparsification},
	booktitle = {NIPS},
	year = {2010}
}
@INPROCEEDINGS{Liris6327,
	author = {Mingyuan {Jiu} and Christian {Wolf} and W. {Taylor}, Graham W. and Atilla {Baskurt}},
	title = {Human body part estimation from depth images via spatially-constrained deep learning},
	booktitle = {Pattern Recognition Letters},
	year = {2013}
}
@INPROCEEDINGS{Maji2008CVPR,
	author = {Maji, S. and Berg, A.C. and Malik, J.},
	title = {Classification using intersection kernel {SVM}s is efficient},
	booktitle = {CVPR},
	year = {2008}
}
@INPROCEEDINGS{Maji:2011:ARD,
	author = {Maji, Subhransu and Bourdev, Lubomir and Malik, Jitendra},
	title = {Action Recognition from a Distributed Representation of Pose and Appearance},
	booktitle = {CVPR},
	year = {2011}
}
@TECHREPORT{Maji:2011:LSI,
	author = {Maji, Subhransu},
	title = {Large Scale Image Annotations on Amazon Mechanical Turk},
	year = {2011},
	institution = {EECS Department, University of California, Berkeley}
}
@INPROCEEDINGS{Marin10,
	author = {Marin, J. and Vazquez, D. and Geronimo, D. and Lopez, A.M.},
	title = {Learning appearance in virtual scenarios for pedestrian detection},
	booktitle = {CVPR},
	year = {2010}
}
@INPROCEEDINGS{Marin:2011:HLA,
	author = {Marin-Jimenez, M. and Zisserman, A. and Ferrari, V.},
	title = {"Here's looking at you, kid." Detecting people looking at each other in videos},
	booktitle = {BMVC},
	year = {2011}
}
@INPROCEEDINGS{Melax:2013,
	author = {Melax, Stan and Keselman, Leonid and Orsten, Sterling},
	title = {Dynamics based 3D skeletal hand tracking},
	booktitle = {i3D},
	year = {2013}
}
@INPROCEEDINGS{Memisevic2007,
	author = {Memisevic, R. and Hinton, G.},
	title = {Unsupervised Learning of Image Transformations},
	booktitle = {CVPR},
	year = {2007}
}
@INPROCEEDINGS{Mikolajczyk:2005:PEL,
	author = {Mikolajczyk, Krystian and Schmid, Cordelia},
	title = {A Performance Evaluation of Local Descriptors},
	booktitle = {PAMI},
	year = {2005}
}
@INPROCEEDINGS{Mittal:2012:TMC,
	author = {Mittal, Arpit and Blaschko, Matthew and Zisserman, Andrew and Torr, Phil},
	title = {Taxonomic Multi-class Prediction and Person Layout using Efficient Structured Ranking},
	booktitle = {ECCV},
	year = {2012}
}
@INPROCEEDINGS{Mobahi2009,
	author = {Mobahi, H. and Collobert, R. and Weston, J.},
	title = {Deep learning from temporal coherence in video},
	booktitle = {ICML},
	year = {2009}
}
@MISC{MorganPrivateHMM,
	author = {Morgan, Nelson},
	date = {2002}
}
@INPROCEEDINGS{Morin05,
	author = {Morin, F. and Bengio, Y.},
	title = {Hierarchical Probabilistic Neural Network Language Model},
	booktitle = {AISTATS workshop},
	year = {2005}
}
@INPROCEEDINGS{Nechyba2007,
	author = {Nechyba, Michael C. and Schneiderman, Henry},
	title = {PittPatt face detection and tracking for the CLEAR 2006 evaluation},
	booktitle = {CLEAR},
	year = {2006}
}
@INPROCEEDINGS{Neubeck:2006:ENS:1170749.1172615,
	author = {Neubeck, Alexander and Van Gool, Luc},
	title = {Efficient Non-Maximum Suppression},
	booktitle = {CVPR},
	year = {2006},
	numpages = {6}
}
@INPROCEEDINGS{NevatiaB77,
	author = {Nevatia, Ramakant and Binford, Thomas O.},
	title = {Description and Recognition of Curved Objects.},
	booktitle = {Artif. Intell.},
	year = {1977}
}
@INPROCEEDINGS{Norouzi2009,
	author = {Norouzi, M. and Ranjbar, M. and Mori, G.},
	title = {Stacks of Convolutional Restricted Boltzmann Machines for Shift-Invariant Feature Learning},
	booktitle = {CVPR},
	year = {2009}
}
@INPROCEEDINGS{Okada:2008:MGD,
	author = {Okada, Ryuzo and Soatto, Stefano},
	title = {Relevant Feature Selection for Human Pose Estimation and Localization in Cluttered Images},
	booktitle = {ECCV},
	year = {2008}
}
@INPROCEEDINGS{Oliva2001,
	author = {Oliva, A. and Torralba, A.},
	title = {Modeling the Shape of the Scene: A Holistic Representation of the Spatial Envelope},
	booktitle = {IJCV},
	year = {2001}
}
@INPROCEEDINGS{PRPSO,
	author = {Yasuda, T. and Ohkura, K. and Matsumura, Y.},
	title = {Extended PSO with partial randomization for large scale multimodal problems},
	booktitle = {WAC},
	year = {2010}
}
@INPROCEEDINGS{ParametricReshaping2010,
	author = {Zhou, Shizhe and Fu, Hongbo and Liu, Ligang and Cohen-Or, Daniel and Han, Xiaoguang},
	title = {Parametric Reshaping of Human Bodies in Images},
	booktitle = {SIGGRAPH},
	year = {2010}
}
@INPROCEEDINGS{Pinto2008,
	author = {Pinto, N. and Cox, D. and DiCarlo, J.},
	title = {Why is Real-World Visual Object Recognition Hard?},
	booktitle = {PLoS Comput Biol},
	year = {2008}
}
@INPROCEEDINGS{Pinto2009,
	author = {Pinto, N. and Doukhan, D. and DiCarlo, J. and Cox, David D.},
	title = {A High-Throughput Screening Approach to Discovering Good Forms of Biologically Inspired Visual Representation},
	booktitle = {PLoS Comput Biol},
	year = {2009}
}
@INPROCEEDINGS{PoseletsICCV09,
	author = {Bourdev, L. and Malik, J.},
	title = {Poselets: Body Part Detectors Trained Using 3D Human Pose Annotations},
	booktitle = {ICCV},
	year = {2009}
}
@INPROCEEDINGS{Ramanan:2005:SAP,
	author = {Ramanan, D and Forsyth, D. A. and Zisserman, A.},
	title = {Strike a Pose: Tracking People by Finding Stylized Poses},
	booktitle = {CVPR},
	year = {2005}
}
@INPROCEEDINGS{Ramanan:2006:LPI,
	author = {Ramanan, Deva},
	title = {Learning to Parse Images of Articulated Objects},
	booktitle = {NIPS},
	year = {2006}
}
@INPROCEEDINGS{Ranzato2007,
	author = {Ranzato, {M-A}. and Poultney, C. and Chopra, S. and LeCun, Y.},
	title = {Efficient Learning of Sparse Representations with an Energy-Based Model},
	booktitle = {NIPS},
	year = {2006}
}
@INPROCEEDINGS{Rehg,
	author = {Rehg, James M. and Kanade, Takeo},
	title = {Visual Tracking of High DOF Articulated Structures: an Application to Human Hand Tracking},
	booktitle = {ECCV},
	year = {1994}
}
@INPROCEEDINGS{Rogez:2008:RTH,
	author = {Rogez, Gregory and Rihan, Jonathan and Ramalingam, Srikumar and Orrite, Carlos and Torr, Philip H.S.},
	title = {Randomized Trees for Human Pose Detection},
	booktitle = {CVPR},
	year = {2008}
}
@INPROCEEDINGS{Rother:2004:GIF,
	author = {Rother, Carsten and Kolmogorov, Vladimir and Blake, Andrew},
	title = {"GrabCut": interactive foreground extraction using iterated graph cuts},
	booktitle = {TOG},
	year = {2004}
}
@INPROCEEDINGS{SIFT,
	author = {Lowe, David G.},
	title = {Distinctive Image Features from Scale-Invariant Keypoints},
	booktitle = {IJCV},
	year = {2004}
}
@INPROCEEDINGS{STIP,
	author = {Laptev, Ivan},
	title = {On Space-Time Interest Points},
	booktitle = {IJCV},
	year = {2005}
}
@INPROCEEDINGS{SURF,
	author = {Bay, Herbert and Ess, Andreas and Tuytelaars, Tinne and Van Gool, Luc},
	title = {Speeded-Up Robust Features (SURF)},
	booktitle = {CVIU},
	year = {2008}
}
@INPROCEEDINGS{Salakhutdinov2007,
	author = {Salakhutdinov, R. and Hinton, G.},
	title = {Learning a Nonlinear Embedding by Preserving Class Neighbourhood Structure},
	booktitle = {AISTATS},
	year = {2007}
}
@INPROCEEDINGS{Sapp2010,
	author = {Sapp, B. and Jordan, C. and B.Taskar},
	title = {Adaptive Pose Priors for Pictorial Structures},
	booktitle = {CVPR},
	year = {2010}
}
@INPROCEEDINGS{Sapp:2010:APP,
	author = {Sapp, Benjamin and Jordan, Chris and Taskar, Ben},
	title = {Adaptive Pose Priors for Pictorial Structures},
	booktitle = {CVPR},
	year = {2010}
}
@INPROCEEDINGS{Saul2003,
	author = {Saul, Lawrence K. and Roweis, Sam T.},
	title = {Think Globally, Fit Locally: Unsupervised Learning of Low Dimensional Manifold},
	booktitle = {JMLR},
	year = {2003}
}
@INPROCEEDINGS{Shakhnarovich03fastpose,
	author = {Shakhnarovich, Gregory and Viola, Paul and Darrell, Trevor},
	title = {Fast pose estimation with parameter sensitive hashing},
	booktitle = {ICCV},
	year = {2003}
}
@INPROCEEDINGS{Sigal2009,
	author = {Sigal, L. and Balan, A. and Black, M.~J.},
	title = {{HumanEva}: Synchronized Video and Motion Capture Dataset and Baseline Algorithm for Evaluation of Articulated Human Motion},
	booktitle = {IJCV},
	year = {2009},
	note = {To Appear}
}
@INPROCEEDINGS{Sigal2010,
	author = {Sigal, L. and Balan, A. and J., Black. M.},
	title = {{HumanEva: Synchronized video and motion capture dataset and baseline algorithm for evaluation of articulated human motion}},
	booktitle = {IJCV},
	year = {2010}
}
@INPROCEEDINGS{Singh:2010:RHA,
	author = {Singh, Vivek Kumar and Nevatia, Ram and Huang, Chang},
	title = {Efficient Inference with Multiple Heterogeneous Part Detectors for Human Pose Estimation},
	booktitle = {ECCV},
	year = {2010}
}
@INPROCEEDINGS{Stein2012,
	author = {Stein, Murphy and Tompson, Jonathan and Xiao, Xiao and Hendeee, Charley and Ishii, Hiroshi and Perlin, Ken},
	title = {ARCADE: a system for augmenting gesture-based computer graphic presentations},
	booktitle = {SIGGRAPH Computer Animation Festival},
	year = {2012}
}
@INPROCEEDINGS{Sun:2011:APM,
	author = {Sun, M. and Savarese, S.},
	title = {Articulated Part-based Model for Joint Object Detection and Pose Estimation},
	booktitle = {ICCV},
	year = {2011}
}
@INPROCEEDINGS{TaylorSBF11,
	author = {Taylor, Graham W. and Spiro, Ian and Bregler, Christoph and Fergus, Rob},
	title = {Learning invariance through imitation},
	booktitle = {CVPR},
	year = {2011}
}
@INPROCEEDINGS{Tian:2010:FGO,
	author = {Tian, Tai-Peng and Sclaroff, Stan},
	title = {Fast Globally Optimal 2D Human Detection with Loopy Graph Models },
	booktitle = {CVPR},
	year = {2010}
}
@INPROCEEDINGS{Tian:2010:FMA,
	author = {Tian, Tai-Peng and Sclaroff, Stan},
	title = {Fast Multi-Aspect 2D Human Detection},
	booktitle = {ECCV},
	year = {2010}
}
@INPROCEEDINGS{Tian:2013:SDP,
	author = {Tian, Yicong and Sukthankar, Rahul and Shah, Mubarak},
	title = {Spatiotemporal Deformable Part Models for Action Detection},
	booktitle = {CVPR},
	year = {2013}
}
@INPROCEEDINGS{Tokola_ICCV2013,
	author = {Tokola, Ryan and Choi, Wongun and Savarese, Silvio},
	title = {Breaking the chain: liberation from the temporal Markov assumption for tracking human poses},
	booktitle = {ICCV},
	year = {2013}
}
@INPROCEEDINGS{Torralba2008,
	author = {Torralba, A. and Fergus, R. and Weiss, Y.},
	title = {Small codes and large image databases for recognition},
	booktitle = {CVPR},
	year = {2008}
}
@TECHREPORT{Tseng95fortified-descentsimplicial,
	author = {Tseng, Paul},
	title = {Fortified-Descent Simplicial Search Method: A General Approach},
	year = {1995},
	institution = {SIAM booktitle of Optimization}
}
@INPROCEEDINGS{Turaga2010,
	author = {Turaga, S. C. and Murray, J. F. and Jain, V. and Roth, F. and Helmstaedter, M. and Briggman, K. and Denk, W. and Seung, H. S.},
	title = {Convolutional networks can learn to generate affinity graphs for image segmentation},
	booktitle = {Neural Computation},
	year = {2010}
}
@INPROCEEDINGS{Ukita:2012:APE,
	author = {Ukita, Norimichi},
	title = {Articulated Pose Estimation with Parts Connectivity using Discriminative Local Oriented Contours},
	booktitle = {CVPR},
	year = {2012}
}
@INPROCEEDINGS{Urtasun:2008:LPR,
	author = {Urtasun, R. and Darrell, T.},
	title = {Local Probabilistic Regression for Activity-independent Human Pose Inference},
	booktitle = {ICCV},
	year = {2009}
}
@INPROCEEDINGS{Vondrick:2012:ESU,
	author = {Vondrick, Carl and Patterson, Donald and Ramanan, Deva},
	title = {Efficiently Scaling Up Crowdsourced Video Annotation},
	booktitle = {IJCV},
	year = {2012}
}
@INPROCEEDINGS{Wang:2011:LHP,
	author = {Wang, Y. and Tran, D. and Liao, Z.},
	title = {Learning Hierarchical Poselets for Human Parsing},
	booktitle = {CVPR},
	year = {2011}
}
@INPROCEEDINGS{Wang:2013,
	author = {Wang, Y. and Min, J. and Zhang, J. and Liu, Y. and Xu, F. and Dai, Q. and J., Chai},
	title = {Video-based Hand Manipulation Capture Through Composite Motion Control},
	booktitle = {SIGGRAPH},
	year = {2013}
}
@INPROCEEDINGS{Weinberger2007,
	author = {Weinberger, K. and Tesauro, G.},
	title = {Metric Learning for Kernel Regression},
	booktitle = {JMLR W\&P},
	year = {2007},
	citeulike-article-id = {2505279},
	priority = {2}
}
@INCOLLECTION{WeissNIPS13,
	author = {Weiss, David and Taskar, Ben},
	title = {Learning Adaptive Value of Information for Structured Prediction},
	booktitle = {NIPS},
	year = {2013}
}
@INPROCEEDINGS{Yang:2011:LOM,
	author = {Yang, Y. and Hallman, S. and Ramanan, D. and Fowlkes, C.},
	title = {Layered Object Models for Image Segmentation},
	booktitle = {PAMI},
	year = {2011}
}
@INPROCEEDINGS{Ye:2012:SDH:2185520.2185537,
	author = {Ye, Yuting and Liu, C. Karen},
	title = {Synthesis of detailed hand manipulations using contact sampling},
	booktitle = {TOG},
	year = {2012}
}
@INPROCEEDINGS{Zeiler2010,
	author = {Zeiler, Matthew and Krishnan, Dilip and Taylor, Graham and Fergus, Rob},
	title = {Deconvolutional Networks},
	booktitle = {CVPR},
	year = {2010}
}
@INPROCEEDINGS{ZeilerSuperVision04,
	author = {Zeiler, M. and R., Fergus},
	title = {Visualizing and Understanding Convolutional Neural Networks},
	booktitle = {ECCV},
	year = {2014}
}
@INPROCEEDINGS{Zhao:2012,
	author = {Zhao, Wenping and Chai, Jinxiang and Xu, Ying-Qing},
	title = {Combining Marker-based Mocap and RGB-D Camera for Acquiring High-fidelity Hand Motion Data},
	booktitle = {Eurographics},
	year = {2012}
}
@INPROCEEDINGS{Zuffi:ICCV:2013,
	author = {Zuffi, Silvia and Romero, Javier and Schmid, Cordelia and Black, Michael J},
	title = {Estimating Human Pose with Flowing Puppets},
	booktitle = {ICCV},
	year = {2013}
}
@INPROCEEDINGS{agarwal2006recovering,
	author = {Agarwal, A. and Triggs, B. and Rhone-Alpes, I. and Montbonnot, F.},
	title = {{Recovering 3D human pose from monocular images}},
	booktitle = {PAMI},
	year = {2006}
}
@INPROCEEDINGS{andriluka11ijcv,
	author = {Andriluka, Mykhaylo and Roth, Stefan and Schiele, Bernt},
	title = {Discriminative Appearance Models for Pictorial Structures},
	booktitle = {IJCV},
	year = {2011},
	affiliation = {MPI Informatics, Stuhlsatzenhausweg 85, 66123 Saarbr??cken, Germany}
}
@INPROCEEDINGS{andriluka14cvpr,
	author = {Andriluka, Mykhaylo and Pishchulin, Leonid and Gehler, Peter and Schiele, Bernt},
	title = {2D Human Pose Estimation: New Benchmark and State of the Art Analysis},
	booktitle = {CVPR},
	year = {2014}
}
@CONFERENCE{andriluka2009pictorial,
	author = {Andriluka, M. and Roth, S. and Schiele, B.},
	title = {{Pictorial structures revisited: People detection and articulated pose estimation}},
	booktitle = {CVPR},
	year = {2009}
}
@INPROCEEDINGS{anguelov2005scape,
	author = {Anguelov, Dragomir and Srinivasan, Praveen and Koller, Daphne and Thrun, Sebastian and Rodgers, Jim and Davis, James},
	title = {Scape: shape completion and animation of people},
	booktitle = {ACM TOG},
	year = {2005}
}
@INPROCEEDINGS{arjunaccv2014,
	author = {Jain, Arjun and Tompson, Jonathan and LeCun, Yann and Bregler, Christoph},
	title = {MoDeep: A Deep Learning Framework Using Motion Features for Human Pose Estimation},
	booktitle = {ACCV},
	year = {2014}
}
@INPROCEEDINGS{athitsos2004boostmap,
	author = {Athitsos, V. and Alon, J. and Sclaroff, S. and Kollios, G.},
	title = {{Boostmap: A method for efficient approximate similarity rankings}},
	booktitle = {CVPR},
	year = {2004}
}
@INPROCEEDINGS{balan07CVPR,
	author = {Balan, A.O. and Sigal, L. and Black, M.J. and Davis, J.E. and Haussecker, H.W.},
	title = {Detailed human shape and pose from images.},
	booktitle = {CVPR},
	year = {2007}
}
@INPROCEEDINGS{bergtholdt2010study,
	author = {Bergtholdt, M. and Kappes, J. and Schmidt, S. and Schn{\"o}rr, C.},
	title = {A study of parts-based object class detection using complete graphs},
	booktitle = {IJCV},
	year = {2010}
}
@INPROCEEDINGS{biologicalmotion,
	author = {Johansson, G.},
	title = {Visual perception of biological motion and a model for its analysis},
	booktitle = {Perception and Psychophysics},
	year = {1973}
}
@INPROCEEDINGS{bmvc2011oikonom,
	author = {Oikonomidis, I. and Kyriazis, N. and Argyros, A.},
	title = {Efficient model-based 3D tracking of hand articulations using Kinect},
	booktitle = {BMVC},
	year = {2011}
}
@INPROCEEDINGS{bourlard1995remap,
	author = {Bourlard, H. and Konig, Y. and Morgan, N.},
	title = {REMAP: recursive estimation and maximization of a posteriori probabilities in connectionist speech recognition.},
	booktitle = {EUROSPEECH},
	year = {1995}
}
@INPROCEEDINGS{bregler1998tracking,
	author = {Bregler, Christoph and Malik, Jitendra},
	title = {Tracking people with twists and exponential maps},
	booktitle = {CVPR},
	year = {1998}
}
@INPROCEEDINGS{broggi05cvpr,
	author = {Broggi, A. and Fascioli, A. and Grisleri, P. and Graf, T. and Meinecke, M.},
	title = {Model-Based Validation Approaches and Matching Techniques for Automotive Vision Based Pedestrian Detection},
	booktitle = {CVPR},
	year = {2005}
}
@INPROCEEDINGS{bromley1993signature,
	author = {Bromley, Jane and Bentz, James W and Bottou, L{\'e}on and Guyon, Isabelle and LeCun, Yann and Moore, Cliff and S{\"a}ckinger, Eduard and Shah, Roopak},
	title = {Signature verification using a “Siamese��? time delay neural network},
	booktitle = {PRAI},
	year = {1993}
}
@INPROCEEDINGS{brooks79ijcai,
	author = {Brooks, R.A. and Creiner, R. and Binford, T.O.},
	title = {The ACRONYM Model-Based Vision System},
	booktitle = {IJCAI},
	year = {1979}
}
@INPROCEEDINGS{buehler08bmvc,
	author = {Buehler, P. and Everingham, M. and Huttenlocher, D.~P. and Zisserman, A.},
	title = {Long Term Arm and Hand Tracking for Continuous Sign Language {TV} Broadcasts},
	booktitle = {BMVC},
	year = {2008}
}
@INPROCEEDINGS{buehler2009learning,
	author = {Buehler, P. and Zisserman, A. and Everingham, M.},
	title = {{Learning sign language by watching TV (using weakly aligned subtitles)}},
	booktitle = {CVPR},
	year = {2009}
}
@INPROCEEDINGS{chennips2014,
	author = {Chen, Xianjie and Yuille, Alan},
	title = {Articulated Pose Estimation by a Graphical Model with Image Dependent Pairwise Relations},
	booktitle = {NIPS},
	year = {2014}
}
@INCOLLECTION{cho_emnlp_2014,
	author = {Cho, K. and van Merrienboer, B. and Gulcehre, C. and Bahdanau, D. and Bougares, F. and Schwenk, H. and Bengio, Y.},
	title = {Learning Phrase Representations using RNN Encoder Decoder for Statistical Machine Translation},
	booktitle = {EMNLP},
	year = {2014}
}
@INPROCEEDINGS{clemmensen12techno,
	author = {Clemmensen, Line and Hastie, Trevor and Witten, Daniela and Ersb?ll, Bjarne},
	title = {Sparse Discriminant Analysis},
	booktitle = {Technometrics},
	year = {2011}
}
@MISC{cmu_mocap,
	author = {CMU},
	title = {CMU Graphics Lab Motion Capture Database},
	year = {2013},
	url = {http://mocap.cs.cmu.edu/}
}
@CONFERENCE{cooper2007large,
	author = {Cooper, H. and Bowden, R.},
	title = {{Large Lexicon Detection of Sign Language}},
	booktitle = {IEEE international workshop on HCI},
	year = {2007}
}
@INPROCEEDINGS{corazza2006markerless,
	author = {Corazza, Stefano and Muendermann, Lars and Chaudhari, AM and Demattio, T and Cobelli, Claudio and Andriacchi, TP},
	title = {A markerless motion capture system to study musculoskeletal biomechanics: Visual hull and simulated annealing approach},
	booktitle = {Annals of Biomedical Engineering},
	year = {2006}
}
@INPROCEEDINGS{couprie2013indoor,
	author = {Couprie, Camille and Farabet, Cl{\'e}ment and Najman, Laurent and LeCun, Yann},
	title = {Indoor Semantic Segmentation using depth information},
	booktitle = {ICLR},
	year = {2013}
}
@INPROCEEDINGS{dahl2013improving,
	author = {Dahl, George E and Sainath, Tara N and Hinton, Geoffrey E},
	title = {Improving deep neural networks for LVCSR using rectified linear units and dropout},
	booktitle = {Acoustics, Speech and Signal Processing (ICASSP), 2013 IEEE International Conference on},
	year = {2013}
}
@INPROCEEDINGS{dalal2006human,
	author = {Dalal, N. and Triggs, B. and Schmid, C.},
	title = {{Human detection using oriented histograms of flow and appearance}},
	booktitle = {ECCV},
	year = {2006}
}
@INPROCEEDINGS{dantone13cvpr,
	author = {Dantone, M. and Gall, J. and Leistner, C. and Gool., L. Van},
	title = {Human Pose Estimation using Body Parts Dependent Joint Regressors},
	booktitle = {CVPR},
	year = {2013}
}
@INPROCEEDINGS{de2008performance,
	author = {De Aguiar, Edilson and Stoll, Carsten and Theobalt, Christian and Ahmed, Naveed and Seidel, Hans-Peter and Thrun, Sebastian},
	title = {Performance capture from sparse multi-view video},
	booktitle = {TOG},
	year = {2008}
}
@INPROCEEDINGS{deepflow,
	author = {Weinzaepfel, Philippe and Revaud, Jerome and Harchaoui, Zaid and Schmid, Cordelia},
	title = {DeepFlow: Large displacement optical flow with deep matching},
	booktitle = {ICCV},
	year = {2013}
}
@INPROCEEDINGS{deeppose,
	author = {Toshev, A. and Szegedy, C.},
	title = {DeepPose: Human Pose Estimation via Deep Neural Networks},
	booktitle = {CVPR},
	year = {2014}
}
@INPROCEEDINGS{deng2009imagenet,
	author = {Deng, Jia and Dong, Wei and Socher, Richard and Li, Li-Jia and Li, Kai and Fei-Fei, Li},
	title = {Imagenet: A large-scale hierarchical image database},
	booktitle = {CVPR},
	year = {2009}
}
@INPROCEEDINGS{deng2013deep,
	author = {Deng, Li and Abdel-Hamid, Ossama and Yu, Dong},
	title = {A deep convolutional neural network using heterogeneous pooling for trading acoustic invariance with phonetic confusion},
	booktitle = {ICASSP},
	year = {2013}
}
@INPROCEEDINGS{deutscher2000articulated,
	author = {Deutscher, Jonathan and Blake, Andrew and Reid, Ian},
	title = {Articulated body motion capture by annealed particle filtering},
	booktitle = {CVPR},
	year = {2000}
}
@INPROCEEDINGS{duan-poserecognition12,
	author = {Duan, Kun and Batra, Dhruv and Crandall, David},
	title = {A Multi-layer Composite Model for Human Pose Estimation},
	booktitle = {BMVC},
	year = {2012}
}
@INPROCEEDINGS{eichner10eccv,
	author = {Eichner, Marcin and Ferrari, Vittorio},
	title = {We Are Family: Joint Pose Estimation of Multiple Persons},
	booktitle = {ECCV},
	year = {2010}
}
@INPROCEEDINGS{eichner12accv,
	author = {Eichner, Marcin and Ferrari, Vittorio},
	title = {Appearance Sharing for Collective Human Pose Estimation},
	booktitle = {ACCV},
	year = {2012}
}
@INPROCEEDINGS{eigen2014,
	author = {David Eigen, Christian Puhrsch and Fergus, Rob},
	title = {Depth Map Prediction from a Single Image using a Multi-Scale Deep Network},
	booktitle = {NIPS},
	year = {2014}
}
@INPROCEEDINGS{enzweiler2008cvpr,
	author = {Enzweiler, M. and Gavrila, D. M.},
	title = {A mixed generative-discriminative framework for pedestrian classification},
	booktitle = {CVPR},
	year = {2008}
}
@INPROCEEDINGS{erol2007vision,
	author = {Erol, Ali and Bebis, George and Nicolescu, Mircea and Boyle, Richard D and Twombly, Xander},
	title = {Vision-based hand pose estimation: A review},
	booktitle = {CVIU},
	year = {2007}
}
@CONFERENCE{farhadi2007transfer,
	author = {Farhadi, A. and Forsyth, D. and White, R.},
	title = {{Transfer Learning in Sign language}},
	booktitle = {CVPR},
	year = {2007}
}
@INPROCEEDINGS{fastcnn,
	author = {Giusti, A. and Ciresan, D. and Masci, J. and Gambardella, L. and Schmidhuber, J.},
	title = {Fast Image Scanning with Deep Max-Pooling Convolutional Neural Networks},
	booktitle = {CoRR},
	year = {2013}
}
@INPROCEEDINGS{felzenszwalb2008discriminatively,
	author = {Felzenszwalb, P. and McAllester, D. and Ramanan, D.},
	title = {A discriminatively trained, multiscale, deformable part model},
	booktitle = {CVPR},
	year = {2008}
}
@INPROCEEDINGS{fft,
	author = {Mathieu, M. and Henaff, M. and LeCun, Y.},
	title = {Fast Training of Convolutional Networks through FFTs},
	booktitle = {CoRR},
	year = {2013}
}
@INPROCEEDINGS{freeman1995orientation,
	author = {Freeman, William T and Roth, Michal},
	title = {Orientation histograms for hand gesture recognition},
	booktitle = {FG},
	year = {1995}
}
@INPROCEEDINGS{frome2009large,
	author = {Frome, A. and Cheung, G. and Abdulkader, A. and Zennaro, M. and Wu, B. and Bissacco, A. and Adam, H. and Neven, H. and Vincent, L.},
	title = {{Large-scale Privacy Protection in Google Street View}},
	booktitle = {ICCV},
	year = {2009}
}
@INPROCEEDINGS{fwang2013pose,
	author = {Wang, Fang and Li, Yi},
	title = {Beyond Physical Connections: Tree Models in Human Pose Estimation},
	booktitle = {CVPR},
	year = {2013}
}
@INPROCEEDINGS{gavrila19963,
	author = {Gavrila, Dariu M and Davis, Larry S},
	title = {3-D model-based tracking of humans in action: a multi-view approach},
	booktitle = {CVPR},
	year = {1996}
}
@INPROCEEDINGS{glorot2011deep,
	author = {Glorot, Xavier and Bordes, Antoine and Bengio, Yoshua},
	title = {Deep Sparse Rectifier Networks},
	booktitle = {AISTATS},
	year = {2011}
}
@INPROCEEDINGS{googlenet,
	author = {{Szegedy}, C. and {Liu}, W. and {Jia}, Y. and {Sermanet}, P. and {Reed}, S. and {Anguelov}, D. and {Erhan}, D. and {Vanhoucke}, V. and {Rabinovich}, A.},
	title = {{Going Deeper with Convolutions}},
	booktitle = {CVPR},
	year = {2014}
}
@INPROCEEDINGS{haffner1991integrating,
	author = {Haffner, Patrick and Franzini, Michael and Waibel, Alex},
	title = {Integrating time alignment and neural networks for high performance continuous speech recognition},
	booktitle = {ICASSP},
	year = {1991}
}
@INPROCEEDINGS{hao_li_1,
	author = {Li, Hao and Yu, Jihun and Ye, Yuting and Bregler, Chris},
	title = {Realtime Facial Animation with On-the-fly Correctives},
	booktitle = {ACM TOG},
	year = {2013}
}
@INPROCEEDINGS{hao_li_2,
	author = {Li, Hao and Weise, Thibaut and Pauly, Mark},
	title = {Example-Based Facial Rigging},
	booktitle = {SIGGRAPH},
	year = {2010},
	month = {July}
}
@INPROCEEDINGS{hinton2012improving,
	author = {Hinton, Geoffrey E and Srivastava, Nitish and Krizhevsky, Alex and Sutskever, Ilya and Salakhutdinov, Ruslan R},
	title = {Improving neural networks by preventing co-adaptation of feature detectors},
	booktitle = {arXiv preprint arXiv:1207.0580},
	year = {2012}
}
@INPROCEEDINGS{hogg1983model,
	author = {Hogg, David},
	title = {Model-based vision: a program to see a walking person},
	booktitle = {ICV},
	year = {1983}
}
@INCOLLECTION{ilya_sequence,
	author = {Sutskever, Ilya and Vinyals, Oriol and Le, Quoc V.},
	title = {Sequence to Sequence Learning with Neural Networks},
	booktitle = {NIPS},
	year = {2014}
}
@INPROCEEDINGS{jain2010moviereshape,
	author = {Jain, Arjun and Thorm{\"a}hlen, Thorsten and Seidel, Hans-Peter and Theobalt, Christian},
	title = {Moviereshape: Tracking and reshaping of humans in videos},
	booktitle = {TOG},
	year = {2010}
}
@INPROCEEDINGS{jainiclr2014,
	author = {Jain, Arjun and Tompson, Jonathan and Andriluka, Micha and Taylor, Graham and Bregler, Christoph},
	title = {Learning Human Pose Estimation Features with Convolutional Networks},
	booktitle = {ICLR},
	year = {2014}
}
@INPROCEEDINGS{jancsary12cvpr,
	author = {Jancsary, Jeremy and Nowozin, Sebastian and Sharp, Toby and Rother, Carsten},
	title = {Regression Tree Fields - An efficient, non-parametric approach to image labeling problems},
	booktitle = {CVPR},
	year = {2012}
}
@INPROCEEDINGS{johnson11cvpr,
	author = {Johnson, S. and Everingham, M.},
	title = {{Learning Effective Human Pose Estimation from Inaccurate Annotation}},
	booktitle = {CVPR},
	year = {2011},
	citeulike-article-id = {9491744},
	posted-at = {2011-07-03 01:53:34},
	priority = {2}
}
@INPROCEEDINGS{kakadiaris1996model,
	author = {Kakadiaris, Ioannis A and Metaxas, Dimitris},
	title = {Model-based estimation of 3D human motion with occlusion based on active multi-viewpoint selection},
	booktitle = {CVPR},
	year = {1996}
}
@INPROCEEDINGS{karlinsky12eccv,
	author = {Karlinsky, Leonid and Ullman, Shimon},
	title = {Using Linking Features in Learning Non-parametric Part Models},
	booktitle = {ECCV},
	year = {2012}
}
@INPROCEEDINGS{keskin:2011,
	author = {Keskin, C. and Kirac, F. and Kara, Y.E. and Akarun, L.},
	title = {Real time hand pose estimation using depth sensors},
	booktitle = {ICCV workshop},
	year = {2011}
}
@INPROCEEDINGS{krips,
	author = {Krips, M. and Lammert, T. and Kummert, A.},
	title = {FPGA implementation of a neural network for a real-time hand tracking system},
	booktitle = {IEEE Workshop on Electronic Design, Test and Applications},
	year = {2002}
}
@INPROCEEDINGS{laptev09ivc,
	author = {Laptev, I.},
	title = {Improving object detection with boosted histograms},
	booktitle = {IVC},
	year = {2009}
}
@INPROCEEDINGS{lecun_face,
	author = {Osadchy, Margarita and LeCun, Yann and Miller, Matthew L. and Perona, Pietro},
	title = {Synergistic face detection and pose estimation with energy-based model},
	booktitle = {NIPS},
	year = {2005}
}
@INPROCEEDINGS{lecun_toys,
	author = {LeCun, Y. and Huang, Fu Jie and Bottou, L.},
	title = {Learning methods for generic object recognition with invariance to pose and lighting},
	booktitle = {CVPR},
	year = {2004}
}
@INPROCEEDINGS{li08global,
	author = {Li, Hao and Sumner, Robert W. and Pauly, Mark},
	title = {Global Correspondence Optimization for Non-Rigid Registration of Depth Scans},
	booktitle = {SGP},
	year = {2008}
}
@MISC{libhand,
	author = {Saric, Marin},
	title = {LibHand: A Library for Hand Articulation},
	year = {2011},
	url = {http://www.libhand.org/},
	note = {version 0.9}
}
@INPROCEEDINGS{liebelt08cvpr,
	author = {Liebelt, J. and Schmid, C. and Schertler, K.},
	title = {Viewpoint-independent object class detection using {3D} Feature Maps},
	booktitle = {CVPR},
	year = {2008}
}
@INPROCEEDINGS{liebelt2010cvpr,
	author = {Liebelt, J. and Schmid, C.},
	title = {Multi-view object class detection with a 3D geometric model},
	booktitle = {CVPR},
	year = {2010}
}
@INPROCEEDINGS{lowe1999object,
	author = {Lowe, D.},
	title = {Object recognition from local scale-invariant features},
	booktitle = {ICCV},
	year = {1999}
}
@INPROCEEDINGS{lowe87,
	author = {Lowe, D.G.},
	title = {Three-Dimensional Object Recognition from Single Two-Dimensional Images},
	booktitle = {Artificial Intelligence},
	year = {1987}
}
@INPROCEEDINGS{lucchi2011spatial,
	author = {Lucchi, Aur{\'e}lien and Li, Yunpeng and Boix, Xavier and Smith, Kevin and Fua, Pascal},
	title = {Are spatial and global constraints really necessary for segmentation?},
	booktitle = {ICCV},
	year = {2011}
}
@INPROCEEDINGS{marr78,
	author = {Marr, D. and Nishihara, H.K.},
	title = {Representation and recognition of the spatial organization of three-dimensional shapes},
	booktitle = {Proc. Roy. Soc. London B 200},
	year = {1978}
}
@INPROCEEDINGS{matsushita,
	author = {Matsushita, Y. and Ofek, E. and Ge, Weina and Tang, Xiaoou and Shum, Heung-Yeung},
	title = {Full-frame video stabilization with motion inpainting},
	booktitle = {PAMI},
	year = {2006}
}
@INPROCEEDINGS{michaTracking,
	author = {M. Andriluka, S. Roth, B. Schiele},
	title = {People-Tracking-by-Detection and People-Detection-by-Tracking},
	booktitle = {CVPR},
	year = {2008}
}
@INPROCEEDINGS{modec,
	author = {Sapp, Ben and Taskar, Ben},
	title = {MODEC: Multimodal decomposable models for human pose estimation},
	booktitle = {CVPR},
	year = {2013}
}
@INPROCEEDINGS{mori2002estimating,
	author = {Mori, G. and Malik, J.},
	title = {{Estimating human body configurations using shape context matching}},
	booktitle = {ECCV},
	year = {2002}
}
@INPROCEEDINGS{muja_flann_2009,
	author = {Muja, Marius and Lowe, David G.},
	title = {Fast Approximate Nearest Neighbors with Automatic Algorithm Configuration},
	booktitle = {VISSAPP},
	year = {2009}
}
@INPROCEEDINGS{nagi,
	author = {Nagi, J. and Ducatelle, F. and Di Caro, G.A. and Ciresan, D. and Meier, U. and Giusti, A. and Nagi, F. and Schmidhuber, J. and Gambardella, L.M.},
	title = {Max-pooling convolutional neural networks for vision-based hand gesture recognition},
	booktitle = {ICSIPA},
	year = {2011}
}
@INPROCEEDINGS{nechyba2008pittpatt,
	author = {Nechyba, M. and Brandy, L. and Schneiderman, H.},
	title = {{Pittpatt face detection and tracking for the CLEAR 2007 evaluation}},
	booktitle = {Multimodal Technologies for Perception of Humans},
	year = {2008}
}
@INPROCEEDINGS{ning05,
	author = {Ning, F. and Delhomme, D. and LeCun, Y. and Piano, F. and Bottou, L. and Barbano, P.},
	title = {Toward Automatic Phenotyping of Developing Embryos from Videos},
	booktitle = {IEEE TIP},
	year = {2005}
}
@INPROCEEDINGS{nowlan,
	author = {Nowlan, Steven J. and Platt, John C.},
	title = {A Convolutional Neural Network Hand Tracker},
	booktitle = {NIPS},
	year = {1995}
}
@INPROCEEDINGS{osadchy2007synergistic,
	author = {Osadchy, Margarita and Cun, Yann Le and Miller, Matthew L},
	title = {Synergistic face detection and pose estimation with energy-based models},
	booktitle = {JMLR},
	year = {2007}
}
@INPROCEEDINGS{overfeatSermanet,
	author = {Sermanet, P. and Eigen, D. and Zhang, X. and Mathieu, M. and Fergus, R. and LeCun, Y.},
	title = {OverFeat: Integrated Recognition, Localization and Detection using Convolutional Networks},
	booktitle = {ICLR},
	year = {2014}
}
@INPROCEEDINGS{pami86canny,
	author = {Canny, J},
	title = {A computational approach to edge detection},
	booktitle = {PAMI},
	year = {1986},
	issue = {6},
	acmid = {11275}
}
@MISC{pascal-voc-2009,
	author = {Everingham, M. and Van~Gool, L. and Williams, C. K. I. and Winn, J. and Zisserman, A.},
	title = {The {PASCAL} {V}isual {O}bject {C}lasses {C}hallenge 2009 {(VOC2009)} {R}esults}
}
@MISC{pascal-voc-2012,
	author = {Everingham, M. and Van~Gool, L. and Williams, C. K. I. and Winn, J. and Zisserman, A.},
	title = {The PASCAL {VOC} {C}hallenge'12}
}
@INPROCEEDINGS{pedestrianCVPR13,
	author = {Sermanet, Pierre and Kavukcuoglu, Koray and Chintala, Soumith and LeCun, Yann},
	title = {Pedestrian Detection with Unsupervised Multi-stage Feature Learning},
	booktitle = {CVPR},
	year = {2013}
}
@INPROCEEDINGS{pishchulin11bmvc,
	author = {Pishchulin, L. and Jain, A. and Wojek, C. and Thormaehlen, T. and Schiele, B.},
	title = {In Good Shape: Robust People Detection based on Appearance and Shape},
	booktitle = {BMVC},
	year = {2011}
}
@INPROCEEDINGS{pishchulin12cvpr,
	author = {Pishchulin, L. and Jain, A. and Andriluka, M. and Thormaehlen, T. and Schiele, B.},
	title = {Articulated People Detection and Pose Estimation: Reshaping the Future},
	booktitle = {CVPR},
	year = {2012}
}
@INPROCEEDINGS{pishchulin13cvpr,
	author = {Pishchulin, L. and Andriluka, M. and Gehler, P. and Schiele, B.},
	title = {Poselet Conditioned Pictorial Structures},
	booktitle = {CVPR},
	year = {2013}
}
@INPROCEEDINGS{pishchulin13iccv,
	author = {Pishchulin, L. and Andriluka, M. and Gehler, P. and Schiele, B.},
	title = {Strong Appearance and Expressive Spatial Models for Human Pose Estimation},
	booktitle = {ICCV},
	year = {2013}
}
@INPROCEEDINGS{pishchulin2011cvpr,
	author = {Pishchulin, L. and Jain, A. and Wojek, C. and Andriluka, M. and Thorm\"ahlen, T. and Schiele, B.},
	title = {Learning People Detection Models from Few Training Samples},
	booktitle = {CVPR},
	year = {2011}
}
@INPROCEEDINGS{poppe2007vision,
	author = {Poppe, R.},
	title = {{Vision-based human motion analysis: An overview}},
	booktitle = {CVIU},
	year = {2007}
}
@CONFERENCE{ramanan2005strike,
	author = {Ramanan, D. and Forsyth, D. and Zisserman, A.},
	title = {{Strike a pose: Tracking people by finding stylized poses}},
	booktitle = {CVPR},
	year = {2005}
}
@INPROCEEDINGS{ramanan2007learning,
	author = {Ramanan, D.},
	title = {{Learning to parse images of articulated bodies}},
	booktitle = {NIPS},
	year = {2007}
}
@INPROCEEDINGS{razavian2014cnn,
	author = {Razavian, A.S. and Azizpour, H. and Sullivan, J. and Carlsson, S.},
	title = {CNN Features Off-the-Shelf: An Astounding Baseline for Recognition},
	booktitle = {CVPR},
	year = {2014}
}
@MISC{reading_list,
	author = {Gulcehre, Caglar},
	title = {Deep Learning Reading List},
	year = {2015},
	note = {deeplearning.net/reading-list/}
}
@INPROCEEDINGS{rehg1995model,
	author = {Rehg, James M and Kanade, Takeo},
	title = {Model-based tracking of self-occluding articulated objects},
	booktitle = {ICCV},
	year = {1995}
}
@CONFERENCE{ren2005recovering,
	author = {Ren, X. and Berg, AC and Malik, J.},
	title = {{Recovering human body configurations using pairwise constraints between parts}},
	booktitle = {ICCV},
	year = {2005}
}
@INPROCEEDINGS{rohr1994towards,
	author = {Rohr, Karl},
	title = {Towards model-based recognition of human movements in image sequences},
	booktitle = {CVGIP: Image understanding},
	year = {1994}
}
@INPROCEEDINGS{ross_learning_message_passing,
	author = {Ross, S. and Munoz, D. and Hebert, M. and Bagnell, J.A},
	title = {Learning message-passing inference machines for structured prediction},
	booktitle = {CVPR},
	year = {2011}
}
@INPROCEEDINGS{sapp10eccv,
	author = {Sapp, Benjamin and Toshev, Alexander and Taskar, Ben},
	title = {Cascaded Models for Articulated Pose Estimation},
	booktitle = {ECCV},
	year = {2010}
}
@INPROCEEDINGS{sapp11cvpr,
	author = {Sapp, Benjamin and Weiss, David and Taskar, Ben},
	title = {Parsing human motion with stretchable models},
	booktitle = {CVPR},
	year = {2011}
}
@INPROCEEDINGS{sapp11eccv,
	author = {Sapp, Benjamin and Toshev, Alexander and Taskar, Ben},
	title = {Cascaded Models for Articulated Pose Estimation},
	booktitle = {ECCV},
	year = {2010}
}
@INPROCEEDINGS{sapp2011cvpr,
	author = {Weiss, David and Sapp, Benjamin and Taskar, Ben},
	title = {Parsing Human Motion with Stretchable Models},
	booktitle = {CVPR},
	year = {2011}
}
@INPROCEEDINGS{shake_n_sense,
	author = {Butler, D. Alex and Izadi, Shahram and Hilliges, Otmar and Molyneaux, David and Hodges, Steve and Kim, David},
	title = {Shake'n'sense: reducing interference for overlapping structured light depth cameras},
	booktitle = {ACM HFCS},
	year = {2012}
}
@INPROCEEDINGS{shotton2013real,
	author = {Shotton, Jamie and Sharp, Toby and Kipman, Alex and Fitzgibbon, Andrew and Finocchio, Mark and Blake, Andrew and Cook, Mat and Moore, Richard},
	title = {Real-time human pose recognition in parts from single depth images},
	booktitle = {CVPR},
	year = {2013}
}
@INPROCEEDINGS{sidenbladh2000stochastic,
	author = {Sidenbladh, Hedvig and Black, Michael J and Fleet, David J},
	title = {Stochastic tracking of 3D human figures using 2D image motion},
	booktitle = {ECCV},
	year = {2000}
}
@INPROCEEDINGS{sigal2004tracking,
	author = {Sigal, Leonid and Bhatia, Sidharth and Roth, Stefan and Black, Michael J and Isard, Michael},
	title = {Tracking loose-limbed people},
	booktitle = {CVPR},
	year = {2004}
}
@INPROCEEDINGS{sigal2006humaneva,
	author = {Sigal, L. and Black, M.J.},
	title = {{Humaneva: Synchronized video and motion capture dataset for evaluation of articulated human motion}},
	booktitle = {Brown University TR},
	year = {2006}
}
@INPROCEEDINGS{sminchisescu2001covariance,
	author = {Sminchisescu, Cristian and Triggs, Bill},
	title = {Covariance scaled sampling for monocular 3D body tracking},
	booktitle = {CVPR},
	year = {2001}
}
@INPROCEEDINGS{stark10bmvc,
	author = {Stark, M. and Goesele, M. and Schiele, B.},
	title = {Back to the Future: Learning Shape Models from {3D} {CAD} Data},
	booktitle = {BMVC},
	year = {2010}
}
@INPROCEEDINGS{stoll2011fast,
	author = {Stoll, Carsten and Hasler, Nils and Gall, Juergen and Seidel, H and Theobalt, Christian},
	title = {Fast articulated motion tracking using a sums of gaussians body model},
	booktitle = {ICCV},
	year = {2011}
}
@INPROCEEDINGS{sun11iccv,
	author = {Sun, Min and Savarese, Silvio},
	title = {Articulated Part-based Model for Joint Object Detection and Pose Estimation},
	booktitle = {ICCV},
	year = {2011}
}
@INPROCEEDINGS{sun12cvpr,
	author = {Sun, Min and Telaprolu, Murali and Lee, Honglak and Savarese, Silvio},
	title = {An Efficient Branch-and-Bound Algorithm for Optimal Human Pose Estimation},
	booktitle = {CVPR},
	year = {2012}
}
@INPROCEEDINGS{sutskeverimportance,
	author = {Sutskever, Ilya and Martens, James and Dahl, George and Hinton, Geoffrey},
	title = {On the importance of initialization and momentum in deep learning},
	booktitle = {ICML},
	year = {2013}
}
@INPROCEEDINGS{taylor2010embedding,
	author = {Taylor, Graham and Fergus, Rob and Spiro, Ian and Williams, George and Bregler, Christoph},
	title = {Pose-Sensitive Embedding by Nonlinear {NCA} Regression},
	booktitle = {NIPS},
	year = {2010}
}
@INPROCEEDINGS{taylor2010tracking,
	author = {Taylor, Graham and Sigal, Leonid and Fleet, David and Hinton, Geoffrey},
	title = {Dynamical Binary Latent Variable Models for 3D Human Pose Tracking},
	booktitle = {CVPR},
	year = {2010}
}
@INPROCEEDINGS{theano,
	author = {Bergstra, James and Breuleux, Olivier and Bastien, Fr{\'{e}}d{\'{e}}ric and Lamblin, Pascal and Pascanu, Razvan and Desjardins, Guillaume and Turian, Joseph and Warde-Farley, David and Bengio, Yoshua},
	title = {Theano: a {CPU} and {GPU} Math Expression Compiler},
	booktitle = {SciPy},
	year = {2010}
}
@INPROCEEDINGS{tieleman2012rmsprop,
	author = {Tieleman, T and Hinton, G},
	title = {Lecture 6.5-rmsprop: Divide the gradient by a running average of its recent magnitude},
	booktitle = {COURSERA: Neural Networks for Machine Learning},
	year = {2012}
}
@INPROCEEDINGS{tompsonTOG14,
	author = {Tompson, Jonathan and Stein, Murphy and LeCun, Yann and Perlin, Ken},
	title = {Real-Time Continuous Pose Recovery of Human Hands Using Convolutional Networks},
	booktitle = {TOG},
	year = {2014}
}
@INPROCEEDINGS{tompson_efficient,
	author = {Tompson, Jonathan and Goroshin, Ross and Jain, Arjun and LeCun, Yann and Bregler, Christoph},
	title = {Efficient Object Localization Using Convolutional Networks},
	booktitle = {arxiv},
	year = {2015}
}
@INPROCEEDINGS{tompsonnips2014,
	author = {Tompson, Jonathan and Jain, Arjun and LeCun, Yann and Bregler, Christoph},
	title = {Join Training of a Convolutional Network and a Graphical Model for Human Pose Estimation},
	booktitle = {NIPS},
	year = {2014}
}
@INPROCEEDINGS{torch7,
	author = {Collobert, R. and Kavukcuoglu, K. and Farabet, C.},
	title = {Torch7: A Matlab-like Environment for Machine Learning},
	booktitle = {NIPS Workshop},
	year = {2011}
}
@INPROCEEDINGS{tran10eccv,
	author = {Tran, Duan and Forsyth, David A.},
	title = {Improved Human Parsing with a Full Relational Model},
	booktitle = {ECCV},
	year = {2010}
}
@INPROCEEDINGS{tu03ijcv,
	author = {Tu, Zhuowen and Chen, Xiangrong and Yuille, Alan L. and Zhu, Song-chun},
	title = {Image parsing: Unifying segmentation, detection, and recognition},
	booktitle = {IJCV},
	year = {2003}
}
@INPROCEEDINGS{wang11cvpr,
	author = {Wang, Huayan and Koller, Daphne},
	title = {Multi-level inference by relaxed dual decomposition for human pose segmentation},
	booktitle = {CVPR},
	year = {2011}
}
@INPROCEEDINGS{wang11rss,
	author = {Wang, S. and Zabir, S. and Leibe, B.},
	title = {Lying Pose Recognition for Elderly Fall Detection},
	booktitle = {RSS},
	year = {2011}
}
@INPROCEEDINGS{wangGaussianProcess,
	author = {Wang, J.M. and Fleet, D.J. and Hertzmann, A.},
	title = {Gaussian Process Dynamical Models for Human Motion},
	booktitle = {PAMI},
	year = {2008}
}
@INPROCEEDINGS{wang_pop_6d_hands,
	author = {Wang, Robert and Paris, Sylvain and Popovi\'{c}, Jovan},
	title = {6D hands: markerless hand-tracking for computer aided design},
	booktitle = {UIST},
	year = {2011}
}
@INPROCEEDINGS{wang_pop_color_glove,
	author = {Wang, Robert Y. and Popovi\'{c}, Jovan},
	title = {Real-time hand-tracking with a color glove},
	booktitle = {SIGGRAPH},
	year = {2009}
}
@INPROCEEDINGS{weise09face,
	author = {Weise, Thibaut and Li, Hao and Gool, Luc Van and Pauly, Mark},
	title = {Face/Off: Live Facial Puppetry},
	booktitle = {Eurographics},
	year = {2009}
}
@INPROCEEDINGS{weiss:sidestepping,
	author = {Weiss, David and Sapp, Benjamin and Taskar, Ben},
	title = {Sidestepping Intractable Inference with Structured Ensemble Cascades},
	booktitle = {NIPS},
	year = {2010}
}
@INPROCEEDINGS{wojek09cvpr,
	author = {Wojek, C. and Walk, S. and Schiele, B.},
	title = {Multi-Cue Onboard Pedestrian Detection},
	booktitle = {CVPR},
	year = {2009}
}
@INPROCEEDINGS{wren1997pfinder,
	author = {Wren, C. and Azarbayejani, A. and Darrell, T. and Pentland, A.},
	title = {{Pfinder: Real-time tracking of the human body}},
	booktitle = {PAMI},
	year = {1997}
}
@INPROCEEDINGS{yamamoto1991human,
	author = {Yamamoto, Masanobu and Koshikawa, Kazutada},
	title = {Human motion analysis based on a robot arm model},
	booktitle = {CVPR},
	year = {1991}
}
@INPROCEEDINGS{yang11cvpr,
	author = {Yang, Yi and Ramanan, Deva},
	title = {Articulated pose estimation with flexible mixtures of parts},
	booktitle = {CVPR},
	year = {2011}
}
@INPROCEEDINGS{yao10cvpr,
	author = {Yao, Bangpeng and Fei-Fei, Li},
	title = {Modeling Mutual Context of Object and Human Pose in Human-Object Interaction Activities},
	booktitle = {CVPR},
	year = {2010}
}
